
@book{pescatello2014,
	title = {ACSM's guidelines for exercise testing and prescription},
	author = {Pescatello, Linda S},
	editor = {Pescatello, Linda S},
	year = {2014},
	date = {2014},
	publisher = {Wolters Kluwer/Lippincott Williams & Wilkins Health},
	edition = {9th ed},
	address = {Philadelphia}
}

@article{jamnick2020,
	title = {An Examination and Critique of Current Methods to Determine Exercise Intensity},
	author = {Jamnick, Nicholas A. and Pettitt, Robert W. and Granata, Cesare and Pyne, David B. and Bishop, David J.},
	year = {2020},
	month = {10},
	date = {2020-10},
	journal = {Sports Medicine},
	pages = {1729--1756},
	volume = {50},
	number = {10},
	doi = {10.1007/s40279-020-01322-8},
	url = {https://link.springer.com/10.1007/s40279-020-01322-8},
	langid = {en}
}

@article{robergs2010,
	title = {Recommendations for Improved Data Processing from Expired Gas Analysis Indirect Calorimetry},
	author = {Robergs, Robert A. and Dwyer, Dan and Astorino, Todd},
	year = {2010},
	month = {02},
	date = {2010-02-01},
	journal = {Sports Medicine},
	pages = {95--111},
	volume = {40},
	number = {2},
	doi = {10.2165/11319670-000000000-00000},
	url = {https://doi.org/10.2165/11319670-000000000-00000},
	langid = {en}
}

@article{sousa2010,
	title = {Comparison Between Swimming VO2peak and VO2max at Different Time Intervals},
	author = {Sousa, A. and Figueiredo, P. and Oliveira, N. and Oliveira, J. and Keskinen, K. L. and Vilas-Boas, J. P. and Fernandes, R. J.},
	year = {2010},
	month = {05},
	date = {2010-05-20},
	journal = {The Open Sports Sciences Journal},
	pages = {22--24},
	volume = {3},
	number = {1},
	doi = {10.2174/1875399X01003010022},
	url = {http://benthamscience.com/open/openaccess.php?tossj/articles/V003/22TOSSJ.htm},
	langid = {en}
}

@article{johnson1998,
	title = {Effects of Sampling Interval on Peak Oxygen Consumption in Patients Evaluated for Heart Transplantation},
	author = {Johnson, Jeffrey S. and Carlson, Joseph J. and VanderLaan, Ronald L. and Langholz, David E.},
	year = {1998},
	month = {03},
	date = {1998-03},
	journal = {Chest},
	pages = {816--819},
	volume = {113},
	number = {3},
	doi = {10.1378/chest.113.3.816},
	url = {https://linkinghub.elsevier.com/retrieve/pii/S0012369216338612},
	langid = {en}
}

@article{sell2021,
	title = {Comparison of V\.o 2peak and V\.o 2max at Different Sampling Intervals in Collegiate Wrestlers},
	author = {Sell, Katie M. and Ghigiarelli, Jamie J. and Prendergast, James M. and Ciani, Gioia J. and Martin, Jacob and Gonzalez, Adam M.},
	year = {2021},
	month = {10},
	date = {2021-10},
	journal = {Journal of Strength and Conditioning Research},
	pages = {2915--2917},
	volume = {35},
	number = {10},
	doi = {10.1519/JSC.0000000000003887},
	url = {https://journals.lww.com/10.1519/JSC.0000000000003887},
	note = {Number: 10},
	langid = {en}
}

@article{midgley2007,
	title = {Effect of the V\.O2 time-averaging interval on the reproducibility of V\.O2max in healthy athletic subjects},
	author = {Midgley, Adrian W. and McNaughton, Lars R. and Carroll, Sean},
	year = {2007},
	month = {03},
	date = {2007-03},
	journal = {Clinical Physiology and Functional Imaging},
	pages = {122--125},
	volume = {27},
	number = {2},
	doi = {10.1111/j.1475-097X.2007.00725.x},
	url = {https://onlinelibrary.wiley.com/doi/10.1111/j.1475-097X.2007.00725.x},
	note = {Number: 2},
	langid = {en}
}

@article{astorino2009,
	title = {Alterations in VO2 max and the VO2 plateau with manipulation of sampling interval},
	author = {Astorino, Todd A.},
	year = {2009},
	date = {2009},
	journal = {Clinical Physiology and Functional Imaging},
	pages = {60{\textendash}67},
	volume = {29},
	number = {1},
	doi = {10.1111/j.1475-097X.2008.00835.x},
	note = {PMID: 19125732}
}

@article{astorino2000,
	title = {Incidence of the oxygen plateau at VO2max during exercise testing to volitional fatigue},
	author = {Astorino, Todd A and Robergs, Robert A and Ghiasvand, Farzaneh and Marks, Derek and Burns, Steve},
	year = {2000},
	date = {2000},
	journal = {Journal of exercise physiology online},
	pages = {1{\textendash}12},
	volume = {3},
	number = {4},
	note = {Publisher: American Society of Exercise Physiologists}
}

@article{martin-rincon2019,
	title = {Impact of data averaging strategies on V\.O2max assessment: Mathematical modeling and reliability},
	author = {{Martin{-}Rincon}, Marcos and {González{-}Henríquez}, {Juan José} and {Losa{-}Reyna}, {José} and {Perez{-}Suarez}, Ismael and {Ponce{-}González}, {Jesús Gustavo} and {La Calle{-}Herrero}, Jaime and {Perez{-}Valera}, Mario and {Pérez{-}López}, Alberto and Curtelin, David and Cherouveim, Evgenia D. and {Morales{-}Alamo}, David and Calbet, Jose A. L.},
	year = {2019},
	month = {10},
	date = {2019-10},
	journal = {Scandinavian Journal of Medicine & Science in Sports},
	pages = {1473--1488},
	volume = {29},
	number = {10},
	doi = {10.1111/sms.13495},
	url = {https://onlinelibrary.wiley.com/doi/10.1111/sms.13495},
	langid = {en}
}

@article{martin-rincon2020,
	title = {Progress Update and Challenges on VO2max Testing and Interpretation},
	author = {Martin-Rincon, Marcos and Calbet, Jose A. L.},
	year = {2020},
	month = {09},
	date = {2020-09-03},
	journal = {Frontiers in Physiology},
	pages = {1070},
	volume = {11},
	doi = {10.3389/fphys.2020.01070},
	url = {https://www.frontiersin.org/article/10.3389/fphys.2020.01070/full},
	langid = {en}
}

@article{scheadler2017,
	title = {The Gas Sampling Interval Effect on V{\textperiodcentered}O2peak Is Independent of Exercise Protocol},
	author = {Scheadler, Cory M. and Garver, Matthew J. and Hanson, Nicholas J.},
	year = {2017},
	month = {09},
	date = {2017-09},
	journal = {Medicine & Science in Sports & Exercise},
	pages = {1911--1916},
	volume = {49},
	number = {9},
	doi = {10.1249/MSS.0000000000001301},
	url = {https://journals.lww.com/00005768-201709000-00018},
	langid = {en}
}

@article{dejesus2014,
	title = {Which Are The Best VO2 Sampling Intervals to Characterize Low to Severe Swimming Intensities?},
	author = {de Jesus, K. and Guidetti, L. and de Jesus, K. and Vilas-Boas, J. and Baldari, C. and Fernandes, R.},
	year = {2014},
	month = {06},
	date = {2014-06-03},
	journal = {International Journal of Sports Medicine},
	pages = {1030--1036},
	volume = {35},
	number = {12},
	doi = {10.1055/s-0034-1368784},
	url = {http://www.thieme-connect.de/DOI/DOI?10.1055/s-0034-1368784},
	langid = {en}
}

@article{hill2003,
	title = {Effect of sampling strategy on measures of VO2peak obtained using commercial breath-by-breath systems},
	author = {Hill, David W. and Stephens, Lindsay P. and Blumoff-Ross, Sonja A. and Poole, David C. and Smith, Jimmy C.},
	year = {2003},
	month = {08},
	date = {2003-08-01},
	journal = {European Journal of Applied Physiology},
	pages = {564--569},
	volume = {89},
	number = {6},
	doi = {10.1007/s00421-003-0843-1},
	url = {http://link.springer.com/10.1007/s00421-003-0843-1},
	langid = {en}
}

@article{smart2015,
	title = {Effect of duration of data averaging interval on reported peak VO2 in patients with heart failure},
	author = {Smart, Neil A. and Jeffriess, Leanne and Giallauria, Francesco and Vigorito, Carlo and Vitelli, Alessandra and Maresca, Luigi and Ehrman, Jonathan K. and Keteyian, Steven J. and Brawner, Clinton A.},
	year = {2015},
	month = {03},
	date = {2015-03},
	journal = {International Journal of Cardiology},
	pages = {530--533},
	volume = {182},
	doi = {10.1016/j.ijcard.2014.12.174},
	url = {https://linkinghub.elsevier.com/retrieve/pii/S0167527315000236},
	langid = {en}
}

@article{matthews1987,
	title = {Microprocessor Exercise Physiology Systems vs a Nonautomated System},
	author = {Matthews, Joseph I. and Bush, Bruce A. and Morales, Freddie M.},
	year = {1987},
	month = {10},
	date = {1987-10},
	journal = {Chest},
	pages = {696--703},
	volume = {92},
	number = {4},
	doi = {10.1378/chest.92.4.696},
	url = {https://linkinghub.elsevier.com/retrieve/pii/S0012369216312375},
	langid = {en}
}

@article{robergs2003,
	title = {Methods Used To Process Data From Indirect Calorimetry And Their Application To VO2 Max},
	author = {Robergs, Robert A and Burnett, Angus F},
	year = {2003},
	date = {2003},
	journal = {Journal of Exercise Physiology online},
	volume = {6},
	number = {2}
}

@article{lamarra1987,
	title = {Effect of interbreath fluctuations on characterizing exercise gas exchange kinetics},
	author = {Lamarra, N. and Whipp, B. J. and Ward, S. A. and Wasserman, K.},
	year = {1987},
	date = {1987},
	journal = {Journal of Applied Physiology},
	pages = {2003{\textendash}2012},
	volume = {62},
	number = {5},
	doi = {10.1152/jappl.1987.62.5.2003},
	note = {PMID: 3110126}
}

@article{keir2014,
	title = {Breath-by-breath pulmonary O2 uptake kinetics: Effect of data processing on confidence in estimating model parameters},
	author = {Keir, Daniel A. and Murias, Juan M. and Paterson, Donald H. and Kowalchuk, John M.},
	year = {2014},
	date = {2014},
	journal = {Experimental Physiology},
	pages = {1511{\textendash}1522},
	volume = {99},
	number = {11},
	doi = {10.1113/expphysiol.2014.080812},
	note = {PMID: 25063837}
}

@article{benson2017,
	title = {Data collection, handling, and fitting strategies to optimize accuracy and precision of oxygen uptake kinetics estimation from breath-by-breath measurements},
	author = {Benson, Alan P. and Bowen, T. Scott and Ferguson, Carrie and Murgatroyd, Scott R. and Rossiter, Harry B.},
	year = {2017},
	date = {2017},
	journal = {Journal of Applied Physiology},
	pages = {227{\textendash}242},
	volume = {123},
	number = {1},
	doi = {10.1152/japplphysiol.00988.2016},
	note = {PMID: 28450551}
}

@article{francescato2014,
	title = {Confidence intervals for the parameters estimated from simulated O2 uptake kinetics: Effects of different data treatments},
	author = {Francescato, M. P. and Cettolo, V. and Bellio, R.},
	year = {2014},
	date = {2014},
	journal = {Experimental Physiology},
	pages = {187{\textendash}195},
	volume = {99},
	number = {1},
	doi = {10.1113/expphysiol.2013.076208},
	note = {PMID: 24121286}
}

@article{francescato2019,
	title = {The 1-s interpolation of breath-by-breath O2 uptake data to determine kinetic parameters: the misleading procedure},
	author = {Francescato, M. P. and Cettolo, V.},
	year = {2019},
	date = {2019},
	journal = {Sport Sciences for Health},
	pages = {193},
	volume = {16},
	number = {1},
	doi = {10.1007/s11332-019-00602-9},
	url = {https://doi.org/10.1007/s11332-019-00602-9},
	note = {ISBN: 0123456789
Publisher: Springer Milan}
}

@article{francescato2015,
	title = {Interpreting the confidence intervals of model parameters of breath-by-breath pulmonary O2 uptake},
	author = {Francescato, Maria Pia and Cettolo, Valentina and Bellio, Ruggero},
	year = {2015},
	date = {2015},
	journal = {Experimental Physiology},
	pages = {475{\textendash}475},
	volume = {100},
	number = {4},
	doi = {10.1113/EP085043},
	note = {PMID: 25833110}
}

@article{arksey2005,
	title = {Scoping studies: towards a methodological framework},
	author = {Arksey, Hilary and {O'Malley}, Lisa},
	year = {2005},
	month = {02},
	date = {2005-02},
	journal = {International Journal of Social Research Methodology},
	pages = {19--32},
	volume = {8},
	number = {1},
	doi = {10.1080/1364557032000119616},
	url = {http://www.tandfonline.com/doi/abs/10.1080/1364557032000119616},
	langid = {en}
}

@article{peters2020,
	title = {Updated methodological guidance for the conduct of scoping reviews},
	author = {Peters, Micah D.J. and Marnie, Casey and Tricco, Andrea C. and Pollock, Danielle and Munn, Zachary and Alexander, Lyndsay and McInerney, Patricia and Godfrey, Christina M. and Khalil, Hanan},
	year = {2020},
	month = {10},
	date = {2020-10},
	journal = {JBI Evidence Synthesis},
	pages = {2119--2126},
	volume = {18},
	number = {10},
	doi = {10.11124/JBIES-20-00167},
	url = {https://journals.lww.com/10.11124/JBIES-20-00167},
	langid = {en}
}

@article{tricco2018,
	title = {PRISMA Extension for Scoping Reviews (PRISMA-ScR): Checklist and Explanation},
	author = {Tricco, Andrea C. and Lillie, Erin and Zarin, Wasifa and {O'Brien}, Kelly K. and Colquhoun, Heather and Levac, Danielle and Moher, David and Peters, Micah D.J. and Horsley, Tanya and Weeks, Laura and Hempel, Susanne and Akl, Elie A. and Chang, Christine and McGowan, Jessie and Stewart, Lesley and Hartling, Lisa and Aldcroft, Adrian and Wilson, Michael G. and Garritty, Chantelle and Lewin, Simon and Godfrey, Christina M. and Macdonald, Marilyn T. and Langlois, Etienne V. and Soares-Weiser, Karla and Moriarty, Jo and Clifford, Tammy and {Tunçalp}, {Özge} and Straus, Sharon E.},
	year = {2018},
	month = {10},
	date = {2018-10-02},
	journal = {Annals of Internal Medicine},
	pages = {467--473},
	volume = {169},
	number = {7},
	doi = {10.7326/M18-0850},
	url = {https://www.acpjournals.org/doi/10.7326/M18-0850},
	langid = {en}
}
